<?xml version="1.0" encoding="UTF-8"?><collection xmlns="http://www.loc.gov/MARC21/slim"><record><leader>00553nam--2200205-u-4500</leader><controlfield tag="001">000055980</controlfield><controlfield tag="002">20161230</controlfield><controlfield tag="005">20170201082203</controlfield><controlfield tag="008">131106s1000------------r-----000-0-rum-d</controlfield><datafield ind1=" " ind2=" " tag="020"><subfield code="a">9789737132994</subfield></datafield><datafield ind1=" " ind2=" " tag="040"><subfield code="a">IFIN-HH</subfield></datafield><datafield ind1=" " ind2=" " tag="041"><subfield code="a">rum</subfield></datafield><datafield ind1=" " ind2=" " tag="080"><subfield code="a">614.8:539.16:61</subfield></datafield><datafield ind1="1" ind2=" " tag="100"><subfield code="a">Manea, Pompiliu</subfield></datafield><datafield ind1="1" ind2="0" tag="245"><subfield code="a">Protectia impotriva radiatiilor in medicina si tehnica</subfield><subfield code="c">Pompiliu Manea (coord.)</subfield></datafield><datafield ind1=" " ind2=" " tag="260"><subfield code="a">Cluj-Napoca</subfield><subfield code="b">Mediamira</subfield><subfield code="c">2012</subfield></datafield><datafield ind1=" " ind2=" " tag="300"><subfield code="a">494P</subfield></datafield><datafield ind1=" " ind2=" " tag="490"><subfield code="a">Colectia Inginerului</subfield></datafield><datafield ind1=" " ind2=" " tag="852"><subfield code="a">82368</subfield><subfield code="c">614.8</subfield></datafield><datafield ind1=" " ind2=" " tag="CAT"><subfield code="a">SYS</subfield><subfield code="c">20170201</subfield><subfield code="h">082203</subfield></datafield></record></collection>